<record><leader>00000cas a2200000 a 4500</leader><controlfield tag="001">34998700</controlfield><controlfield tag="008">960627d18801927miuwr ne      0    0eng c</controlfield><datafield ind1=" " ind2=" " tag="010"><subfield code="a">sn 96076749 </subfield></datafield><datafield ind1=" " ind2=" " tag="040"><subfield code="a">MHN</subfield><subfield code="b">eng</subfield><subfield code="c">MHN</subfield><subfield code="d">OCL</subfield><subfield code="d">OCLCQ</subfield><subfield code="d">OCLCF</subfield><subfield code="d">OCLCO</subfield></datafield><datafield ind1="1" ind2=" " tag="029"><subfield code="a">AU@</subfield><subfield code="b">000012570511</subfield></datafield><datafield ind1=" " ind2=" " tag="042"><subfield code="a">pcc</subfield></datafield><datafield ind1=" " ind2=" " tag="043"><subfield code="a">n-us-mi</subfield></datafield><datafield ind1="0" ind2="4" tag="245"><subfield code="a">The Cheboygan democrat.</subfield></datafield><datafield ind1="1" ind2="3" tag="246"><subfield code="a">Democrat</subfield></datafield><datafield ind1=" " ind2=" " tag="260"><subfield code="a">Cheboygan, Mich. :</subfield><subfield code="b">Forsyth &amp; Bunnell</subfield></datafield><datafield ind1=" " ind2=" " tag="300"><subfield code="a">v.</subfield></datafield><datafield ind1=" " ind2=" " tag="310"><subfield code="a">Weekly</subfield></datafield><datafield ind1="0" ind2=" " tag="362"><subfield code="a">Vol. 1, no. 1 (Feb. 26, 1880)- v. 2, no. 8 (Apr. 14, 1881) ; 2nd yr., no. 9 (Apr. 21, 1881) = whole no. 61- ; -48th yr., no. 43 (Dec. 15, 1927).</subfield></datafield><datafield ind1=" " ind2=" " tag="500"><subfield code="a">Some issues have supplements.</subfield></datafield><datafield ind1=" " ind2=" " tag="515"><subfield code="a">Issues also called: Vol. 1, no. 1 (Feb. 26, 1880) -v. 2, no. 8 (Apr. 14, 1881) ; 2nd yr., no. 9 (Apr. 21, 1881 = whole no. 61-&lt;36th yr., no. 44 (Dec. 31, 1915) = whole no. 1827&gt; ; &lt;37th yr., no. 46 (Jan. 10, 1919)&gt;-48th yr., no. 43 (Dec. 15, 1927).</subfield></datafield><datafield ind1=" " ind2=" " tag="515"><subfield code="a">Numbering irregular.</subfield></datafield><datafield ind1=" " ind2="0" tag="651"><subfield code="a">Cheboygan (Mich.)</subfield><subfield code="v">Newspapers.</subfield></datafield><datafield ind1=" " ind2="0" tag="651"><subfield code="a">Cheboygan County (Mich.)</subfield><subfield code="v">Newspapers.</subfield></datafield><datafield ind1=" " ind2="7" tag="655"><subfield code="a">Newspapers.</subfield><subfield code="2">fast</subfield><subfield code="0">(OCoLC)fst01423814</subfield></datafield><datafield ind1=" " ind2="7" tag="651"><subfield code="a">Michigan</subfield><subfield code="z">Cheboygan.</subfield><subfield code="2">fast</subfield><subfield code="0">(OCoLC)fst01219722</subfield></datafield><datafield ind1=" " ind2="7" tag="651"><subfield code="a">Michigan</subfield><subfield code="z">Cheboygan County.</subfield><subfield code="2">fast</subfield><subfield code="0">(OCoLC)fst01214772</subfield></datafield><datafield ind1=" " ind2=" " tag="752"><subfield code="a">United States</subfield><subfield code="b">Michigan</subfield><subfield code="c">Cheboygan</subfield><subfield code="d">Cheboygan.</subfield></datafield><datafield ind1="0" ind2="0" tag="785"><subfield code="t">Cheboygan observer</subfield><subfield code="w">(DLC)sn 96076750</subfield><subfield code="w">(OCoLC)34998617</subfield></datafield></record>